@article{ng2011sparse,
  title={Sparse autoencoder},
  author={Ng, Andrew and others},
  journal={CS294A Lecture notes},
  volume={72},
  number={2011},
  pages={1--19},
  year={2011},
  publisher={Stanford University}
}

@article{o2017introduction,
  title={An introduction to deep learning for the physical layer},
  author={Oâ€™Shea, Timothy and Hoydis, Jakob},
  journal={IEEE Transactions on Cognitive Communications and Networking},
  volume={3},
  number={4},
  pages={563--575},
  year={2017},
  publisher={IEEE}
}

@article{dorner2017deep,
  title={Deep learning based communication over the air},
  author={D{\"o}rner, Sebastian and Cammerer, Sebastian and Hoydis, Jakob and ten Brink, Stephan},
  journal={IEEE Journal of Selected Topics in Signal Processing},
  volume={12},
  number={1},
  pages={132--143},
  year={2017},
  publisher={IEEE}
}

@article{baldi1989neural,
  title={Neural networks and principal component analysis: Learning from examples without local minima},
  author={Baldi, Pierre and Hornik, Kurt},
  journal={Neural networks},
  volume={2},
  number={1},
  pages={53--58},
  year={1989},
  publisher={Elsevier}
}

@inproceedings{felix2018ofdm,
  title={OFDM-Autoencoder for end-to-end learning of communications systems},
  author={Felix, Alexander and Cammerer, Sebastian and D{\"o}rner, Sebastian and Hoydis, Jakob and Ten Brink, Stephan},
  booktitle={2018 IEEE 19th International Workshop on Signal Processing Advances in Wireless Communications (SPAWC)},
  pages={1--5},
  year={2018},
  organization={IEEE}
}

@book{goodfellow2016deep,
  title={Deep learning},
  author={Goodfellow, Ian and Bengio, Yoshua and Courville, Aaron},
  year={2016},
  publisher={MIT press}
}

@inproceedings{sandell1995timing,
  title={Timing and frequency synchronization in OFDM systems using the cyclic prefix},
  author={Sandell, Magnus and Beek, Jaap van de and B{\"o}rjesson, Per Ola},
  booktitle={International Symposium on Synchronization: 14/12/1995-15/12/1995},
  pages={16--19},
  year={1995},
  organization={Shannon Foundation}
}

@misc{ofdmillustration,
  howpublished = "\url{https://dspillustrations.com/pages/posts/misc/python-ofdm-example.html}"
}